@IEEEtranBSTCTL{IEEEexample:BSTcontrol,
CTLuse_forced_etal       = "yes",
CTLmax_names_forced_etal = "3",
CTLnames_show_etal       = "2"
}
@book{InfH,
address = {M\"{u}nchen -- Wien},
author = {Rechenberg, Peter and Pomberger, Gustav and Blaschek, G\"{u}nther and Bode, Arndt and Bohn, Wilhelm Friedrich and Borrmann, Lothar and Buchberger, Bruno},
edition = {4th},
publisher = {Hanser Verlag},
title = {{Informatik Handbuch}},
year = {2006}
}
@misc{APCW2006,
note = {letzter Zugriff am 23.05.2021},
author = {{Association for Progressive Communications}},
title = {{Wireless technology is irreplaceable for providing access in remote and scarcely populated regions}},
url = {http://www.apc.org/en/news/strategic/world/wireless-technology-irreplaceable-providing-access},
year = {2006}
}
@misc{aws-flutter,
    title = {{What is Flutter?}},
    author = {{Amazon Web Services}},
    year = {2023},
    note = {Online verf√ºgbar:},
    howpublished = {\url{https://aws.amazon.com/de/what-is/flutter/#:~:text=Flutter%20ist%20ein%20Open%2DSource,auf%20Basis%20eines%20einzigen%20Codes}},
}
@misc{IntelliJ,
  title = {{IntelliJ}},
  author = {{IntelliJ}},
  year = {2023},
  howpublished = {\url{https://www.jetbrains.com/dede/idea/features/}},
}
@misc{Java,
  title = {{What is Java?}},
  author = {{Oracle Corporation}},
  year = {2023},
  howpublished = {\url{https://www.java.com/en/download/help/whatis_java.html}},
}
@misc{Quarkus,
  title = {{Quarkus Code Generator}},
  author = {{Red Hat}},
  year = {2023},
  howpublished = {\url{https://code.quarkus.io/}},
}
@misc{VertxMySQL,
  title = {{Vert.x MySQL Client Documentation}},
  author = {{Eclipse Foundation}},
  year = {2023},
  howpublished = {\url{https://vertx.io/docs/vertx-mysql-client/java/}},
}
@misc{SmallRye,
  title = {{SmallRye Documentation}},
  author = {{SmallRye}},
  year = {2023},
  howpublished = {\url{https://smallrye.io/docs/index/index/index.html}},
}
@misc{QuarkusDataSource,
  title = {{Quarkus MySQL Datasource Guide}},
  author = {{Red Hat}},
  year = {2023},
  howpublished = {\url{https://quarkus.io/guides/datasource#mysql}},
}
@misc{QuarkusHibernate,
  title = {{Quarkus Hibernate ORM with Panache Guide}},
  author = {{Red Hat}},
  year = {2023},
  howpublished = {\url{https://quarkus.io/guides/hibernate-orm-panache}},
}
@misc{Lombok,
  title = {{A Complete Guide to Lombok}},
  author = {{Auth0}},
  year = {2023},
  howpublished = {\url{https://auth0.com/blog/a-complete-guide-to-lombok/}},
}
@misc{MySQL,
  title = {{Was ist MySQL?}},
  author = {{Kinsta}},
  year = {2022},
  howpublished = {\url{https://kinsta.com/de/wissensdatenbank/was-ist-mysql/}},
}
@misc{MySQLDocker,
  title = {{MySQL Docker Image Documentation}},
  author = {{Docker}},
  year = {2022},
  howpublished = {\url{https://hub.docker.com/_/mysql}},
}
@misc{QuarkusHibernateORM,
  title = {{Quarkus Hibernate ORM Guide}},
  author = {{Red Hat}},
  year = {2022},
  howpublished = {\url{https://quarkus.io/guides/hibernate-orm}},
}
@misc{,
  title = {{SQL INSERT INTO Statement}},
  author = {{Database Star}},
  year = {2022},
  howpublished = {\url{https://www.databasestar.com/sql-insert-into/}},
}
@misc{CanonicalApplication,
  title = {{Canonical Application}},
  author = {{Christian Aberger}},
  year = {2021},
  month = {November},
  day = {6},
  howpublished = {\url{https://aberger.at/blog/design/2021/11/06/canonical-application.html}},
}
@misc{KubernetesCluster,
  title = {{Kubernetes Cluster}},
  author = {{VMware}},
  year = {2022},
  howpublished = {\url{https://www.vmware.com/topics/glossary/content/kubernetes-cluster.html}},
}